% Encoding: UTF-8
@inproceedings{virtualhome2018,
	title = {VirtualHome: Simulating Household Activities via Programs},
	author = {Puig, Xavier and Ra, Kevin and Boben, Marko and Li, Jiaman and Wang, Tingwu and Fidler, Sanja and Torralba, Antonio},
	booktitle = {Computer Vision and Pattern Recognition (CVPR)},
	year = {2018}
}

@article{DBLP:journals/corr/abs-1810-06936,
	author    = {Pablo Martinez{-}Gonzalez and
	Sergiu Oprea and
	Alberto Garcia{-}Garcia and
	Alvaro Jover{-}Alvarez and
	Sergio Orts{-}Escolano and
	Jos{\'{e}} Garc{\'{\i}}a Rodr{\'{\i}}guez},
	title     = {UnrealROX: An eXtremely Photorealistic Virtual Reality Environment
	for Robotics Simulations and Synthetic Data Generation},
	journal   = {CoRR},
	volume    = {abs/1810.06936},
	year      = {2018},
	url       = {http://arxiv.org/abs/1810.06936},
	archivePrefix = {arXiv},
	eprint    = {1810.06936},
	timestamp = {Tue, 30 Oct 2018 20:39:56 +0100},
	biburl    = {https://dblp.org/rec/bib/journals/corr/abs-1810-06936},
	bibsource = {dblp computer science bibliography, https://dblp.org}
}



@article{DBLP:journals/corr/TobinFRSZA17,
	author    = {Joshua Tobin and
	Rachel Fong and
	Alex Ray and
	Jonas Schneider and
	Wojciech Zaremba and
	Pieter Abbeel},
	title     = {Domain Randomization for Transferring Deep Neural Networks from Simulation
	to the Real World},
	journal   = {CoRR},
	volume    = {abs/1703.06907},
	year      = {2017},
	url       = {http://arxiv.org/abs/1703.06907},
	archivePrefix = {arXiv},
	eprint    = {1703.06907},
	timestamp = {Mon, 13 Aug 2018 16:48:26 +0200},
	biburl    = {https://dblp.org/rec/bib/journals/corr/TobinFRSZA17},
	bibsource = {dblp computer science bibliography, https://dblp.org}
}

@article{AlexNet,
	author = {Krizhevsky, Alex and Sutskever, Ilya and E. Hinton, Geoffrey},
	year = {2012},
	month = {01},
	pages = {},
	title = {ImageNet Classification with Deep Convolutional Neural Networks},
	volume = {25},
	journal = {Neural Information Processing Systems},
	doi = {10.1145/3065386}
}

@article{DBLP:journals/corr/SzegedyLJSRAEVR14,
	author    = {Christian Szegedy and
	Wei Liu and
	Yangqing Jia and
	Pierre Sermanet and
	Scott E. Reed and
	Dragomir Anguelov and
	Dumitru Erhan and
	Vincent Vanhoucke and
	Andrew Rabinovich},
	title     = {Going Deeper with Convolutions},
	journal   = {CoRR},
	volume    = {abs/1409.4842},
	year      = {2014},
	url       = {http://arxiv.org/abs/1409.4842},
	archivePrefix = {arXiv},
	eprint    = {1409.4842},
	timestamp = {Mon, 13 Aug 2018 16:48:52 +0200},
	biburl    = {https://dblp.org/rec/bib/journals/corr/SzegedyLJSRAEVR14},
	bibsource = {dblp computer science bibliography, https://dblp.org}
}



@article{DBLP:journals/corr/LongSD14,
	author    = {Jonathan Long and
	Evan Shelhamer and
	Trevor Darrell},
	title     = {Fully Convolutional Networks for Semantic Segmentation},
	journal   = {CoRR},
	volume    = {abs/1411.4038},
	year      = {2014},
	url       = {http://arxiv.org/abs/1411.4038},
	archivePrefix = {arXiv},
	eprint    = {1411.4038},
	timestamp = {Mon, 13 Aug 2018 16:48:17 +0200},
	biburl    = {https://dblp.org/rec/bib/journals/corr/LongSD14},
	bibsource = {dblp computer science bibliography, https://dblp.org}
}

@INPROCEEDINGS{deconvolution,
	author={M. D. {Zeiler} and G. W. {Taylor} and R. {Fergus}},
	booktitle={2011 International Conference on Computer Vision},
	title={Adaptive deconvolutional networks for mid and high level feature learning},
	year={2011},
	volume={},
	number={},
	pages={2018-2025},
	keywords={deconvolution;feature extraction;image classification;image representation;inference mechanisms;learning (artificial intelligence);adaptive deconvolutional networks;mid level feature learning;high level feature learning;hierarchical model;image decompositions;convolutional sparse coding;max pooling;natural images;low-level edges;mid-level edge junctions;high-level object parts;complete objects;inference scheme;Caltech-101 datasets;Caltech-256 datasets;classifier;feature extraction;Image reconstruction;Switches;Computational modeling;Adaptation models;Mathematical model;Training;Deconvolution},
	doi={10.1109/ICCV.2011.6126474},
	ISSN={2380-7504},
	month={Nov},
}

@inproceedings{DBLP:journals/corr/SimonyanZ14a,
	author    = {Karen Simonyan and
	Andrew Zisserman},
	title     = {Very Deep Convolutional Networks for Large-Scale Image Recognition},
	booktitle = {3rd International Conference on Learning Representations, {ICLR} 2015,
	San Diego, CA, USA, May 7-9, 2015, Conference Track Proceedings},
	year      = {2015},
	crossref  = {DBLP:conf/iclr/2015},
	url       = {http://arxiv.org/abs/1409.1556},
	timestamp = {Fri, 29 Mar 2019 10:36:36 +0100},
	biburl    = {https://dblp.org/rec/bib/journals/corr/SimonyanZ14a},
	bibsource = {dblp computer science bibliography, https://dblp.org}
}


@ARTICLE{Geiger2013IJRR,
	author = {Andreas Geiger and Philip Lenz and Christoph Stiller and Raquel Urtasun},
	title = {Vision meets Robotics: The KITTI Dataset},
	journal = {International Journal of Robotics Research (IJRR)},
	year = {2013}
}

@article{DBLP:journals/corr/BadrinarayananK15,
	author    = {Vijay Badrinarayanan and
	Alex Kendall and
	Roberto Cipolla},
	title     = {SegNet: {A} Deep Convolutional Encoder-Decoder Architecture for Image
	Segmentation},
	journal   = {CoRR},
	volume    = {abs/1511.00561},
	year      = {2015},
	url       = {http://arxiv.org/abs/1511.00561},
	archivePrefix = {arXiv},
	eprint    = {1511.00561},
	timestamp = {Mon, 13 Aug 2018 16:46:06 +0200},
	biburl    = {https://dblp.org/rec/bib/journals/corr/BadrinarayananK15},
	bibsource = {dblp computer science bibliography, https://dblp.org}
}

@misc{yu2015multiscale,
	title={Multi-Scale Context Aggregation by Dilated Convolutions},
	author={Fisher Yu and Vladlen Koltun},
	year={2015},
	eprint={1511.07122},
	archivePrefix={arXiv},
	primaryClass={cs.CV}
}

@article{DBLP:journals/corr/ChenPK0Y16,
	author    = {Liang{-}Chieh Chen and
	George Papandreou and
	Iasonas Kokkinos and
	Kevin Murphy and
	Alan L. Yuille},
	title     = {DeepLab: Semantic Image Segmentation with Deep Convolutional Nets,
	Atrous Convolution, and Fully Connected CRFs},
	journal   = {CoRR},
	volume    = {abs/1606.00915},
	year      = {2016},
	url       = {http://arxiv.org/abs/1606.00915},
	archivePrefix = {arXiv},
	eprint    = {1606.00915},
	timestamp = {Mon, 13 Aug 2018 16:46:13 +0200},
	biburl    = {https://dblp.org/rec/bib/journals/corr/ChenPK0Y16},
	bibsource = {dblp computer science bibliography, https://dblp.org}
}

@article{DBLP:journals/corr/LinMBHPRDZ14,
	author    = {Tsung{-}Yi Lin and
	Michael Maire and
	Serge J. Belongie and
	Lubomir D. Bourdev and
	Ross B. Girshick and
	James Hays and
	Pietro Perona and
	Deva Ramanan and
	Piotr Doll{\'{a}}r and
	C. Lawrence Zitnick},
	title     = {Microsoft {COCO:} Common Objects in Context},
	journal   = {CoRR},
	volume    = {abs/1405.0312},
	year      = {2014},
	url       = {http://arxiv.org/abs/1405.0312},
	archivePrefix = {arXiv},
	eprint    = {1405.0312},
	timestamp = {Mon, 13 Aug 2018 16:48:13 +0200},
	biburl    = {https://dblp.org/rec/bib/journals/corr/LinMBHPRDZ14},
	bibsource = {dblp computer science bibliography, https://dblp.org}
}

@article{DBLP:journals/corr/HeZRS15,
	author    = {Kaiming He and
	Xiangyu Zhang and
	Shaoqing Ren and
	Jian Sun},
	title     = {Deep Residual Learning for Image Recognition},
	journal   = {CoRR},
	volume    = {abs/1512.03385},
	year      = {2015},
	url       = {http://arxiv.org/abs/1512.03385},
	archivePrefix = {arXiv},
	eprint    = {1512.03385},
	timestamp = {Wed, 17 Apr 2019 17:23:45 +0200},
	biburl    = {https://dblp.org/rec/bib/journals/corr/HeZRS15},
	bibsource = {dblp computer science bibliography, https://dblp.org}
}

@article{DBLP:journals/corr/abs-1901-06514,
	author    = {Alberto Garcia{-}Garcia and
	Pablo Martinez{-}Gonzalez and
	Sergiu Oprea and
	John Alejandro Castro{-}Vargas and
	Sergio Orts{-}Escolano and
	Jos{\'{e}} Garc{\'{\i}}a Rodr{\'{\i}}guez and
	Alvaro Jover{-}Alvarez},
	title     = {The RobotriX: An eXtremely Photorealistic and Very-Large-Scale Indoor
	Dataset of Sequences with Robot Trajectories and Interactions},
	journal   = {CoRR},
	volume    = {abs/1901.06514},
	year      = {2019},
	url       = {http://arxiv.org/abs/1901.06514},
	archivePrefix = {arXiv},
	eprint    = {1901.06514},
	timestamp = {Fri, 01 Feb 2019 13:39:59 +0100},
	biburl    = {https://dblp.org/rec/bib/journals/corr/abs-1901-06514},
	bibsource = {dblp computer science bibliography, https://dblp.org}
}

@article{DBLP:journals/corr/abs-1812-05040,
	author    = {Yuhua Chen and
	Wen Li and
	Xiaoran Chen and
	Luc Van Gool},
	title     = {Learning Semantic Segmentation from Synthetic Data: {A} Geometrically
	Guided Input-Output Adaptation Approach},
	journal   = {CoRR},
	volume    = {abs/1812.05040},
	year      = {2018},
	url       = {http://arxiv.org/abs/1812.05040},
	archivePrefix = {arXiv},
	eprint    = {1812.05040},
	timestamp = {Tue, 01 Jan 2019 15:01:25 +0100},
	biburl    = {https://dblp.org/rec/bib/journals/corr/abs-1812-05040},
	bibsource = {dblp computer science bibliography, https://dblp.org}
}

@inbook{inbook,
	author = {O' Mahony, Niall and Campbell, Sean and Carvalho, Anderson and Harapanahalli, Suman and Velasco-Hernandez, Gustavo and Krpalkova, Lenka and Riordan, Daniel and Walsh, Joseph},
	year = {2020},
	month = {01},
	pages = {128-144},
	title = {Deep Learning vs. Traditional Computer Vision},
	isbn = {978-981-13-6209-5},
	doi = {10.1007/978-3-030-17795-9_10}
}

@article{DBLP:journals/corr/abs-0705-2011,
	author    = {Alex Graves and
	Santiago Fern{\'{a}}ndez and
	J{\"{u}}rgen Schmidhuber},
	title     = {Multi-Dimensional Recurrent Neural Networks},
	journal   = {CoRR},
	volume    = {abs/0705.2011},
	year      = {2007},
	url       = {http://arxiv.org/abs/0705.2011},
	archivePrefix = {arXiv},
	eprint    = {0705.2011},
	timestamp = {Mon, 13 Aug 2018 16:47:43 +0200},
	biburl    = {https://dblp.org/rec/bib/journals/corr/abs-0705-2011},
	bibsource = {dblp computer science bibliography, https://dblp.org}
}

@article{DBLP:journals/corr/VisinKCMCB15,
	author    = {Francesco Visin and
	Kyle Kastner and
	Kyunghyun Cho and
	Matteo Matteucci and
	Aaron C. Courville and
	Yoshua Bengio},
	title     = {ReNet: {A} Recurrent Neural Network Based Alternative to Convolutional
	Networks},
	journal   = {CoRR},
	volume    = {abs/1505.00393},
	year      = {2015},
	url       = {http://arxiv.org/abs/1505.00393},
	archivePrefix = {arXiv},
	eprint    = {1505.00393},
	timestamp = {Mon, 13 Aug 2018 16:46:40 +0200},
	biburl    = {https://dblp.org/rec/bib/journals/corr/VisinKCMCB15},
	bibsource = {dblp computer science bibliography, https://dblp.org}
}

@Article{Everingham15, 
	author = "Everingham, M. and Eslami, S. M. A. and Van~Gool, L. and Williams, C. K. I. and Winn, J. and Zisserman, A.", 
	title = "The Pascal Visual Object Classes Challenge: A Retrospective", 
	journal = "International Journal of Computer Vision", 
	volume = "111", 
	year = "2015", 
	number = "1", 
	month = jan, 
	pages = "98--136", 
}

@InProceedings{BharathICCV2011,
	author = "Bharath Hariharan and Pablo Arbelaez and Lubomir Bourdev and Subhransu Maji and Jitendra Malik",
	title = "Semantic Contours from Inverse Detectors",
	booktitle = "International Conference on Computer Vision (ICCV)",
	year = "2011",
}

@article{DBLP:journals/corr/CordtsORREBFRS16,
	author    = {Marius Cordts and
	Mohamed Omran and
	Sebastian Ramos and
	Timo Rehfeld and
	Markus Enzweiler and
	Rodrigo Benenson and
	Uwe Franke and
	Stefan Roth and
	Bernt Schiele},
	title     = {The Cityscapes Dataset for Semantic Urban Scene Understanding},
	journal   = {CoRR},
	volume    = {abs/1604.01685},
	year      = {2016},
	url       = {http://arxiv.org/abs/1604.01685},
	archivePrefix = {arXiv},
	eprint    = {1604.01685},
	timestamp = {Mon, 13 Aug 2018 16:47:48 +0200},
	biburl    = {https://dblp.org/rec/bib/journals/corr/CordtsORREBFRS16},
	bibsource = {dblp computer science bibliography, https://dblp.org}
}

@inproceedings{Lassner:UP:2017,
	title = {Unite the People: Closing the Loop Between 3D and 2D Human Representations},
	author = {Lassner, Christoph and Romero, Javier and Kiefel, Martin and Bogo, Federica and Black, Michael J. and Gehler, Peter V.},
	booktitle = {IEEE Conf. on Computer Vision and Pattern Recognition (CVPR)},
	month = jul,
	year = {2017},
	url = {http://up.is.tuebingen.mpg.de},
	month_numeric = {7}
}

@Comment{jabref-meta: databaseType:biblatex;}

